<record><leader>00000cas a22000007a 4500</leader><controlfield tag="001">1696015</controlfield><controlfield tag="008">751012d19101913mnucr ne      0    0eng d</controlfield><datafield ind1=" " ind2=" " tag="010"><subfield code="a">sn 90059025 </subfield></datafield><datafield ind1=" " ind2=" " tag="040"><subfield code="a">MUL</subfield><subfield code="b">eng</subfield><subfield code="c">MUL</subfield><subfield code="d">MN#</subfield><subfield code="d">OCLCQ</subfield><subfield code="d">OCLCF</subfield><subfield code="d">OCLCO</subfield></datafield><datafield ind1="1" ind2=" " tag="029"><subfield code="a">AU@</subfield><subfield code="b">000025876511</subfield></datafield><datafield ind1=" " ind2=" " tag="042"><subfield code="a">msc</subfield></datafield><datafield ind1=" " ind2=" " tag="043"><subfield code="a">n-us-mn</subfield></datafield><datafield ind1=" " ind2=" " tag="052"><subfield code="a">4144</subfield><subfield code="b">W2</subfield></datafield><datafield ind1=" " ind2=" " tag="052"><subfield code="a">4143</subfield><subfield code="b">W3</subfield></datafield><datafield ind1="0" ind2=" " tag="130"><subfield code="a">Wadena news (Wadena, Minn. : 1910)</subfield></datafield><datafield ind1="0" ind2="4" tag="245"><subfield code="a">The Wadena news.</subfield></datafield><datafield ind1=" " ind2=" " tag="260"><subfield code="a">Wadena, Wadena County, Minn. :</subfield><subfield code="b">Wigham Pub. Co.,</subfield><subfield code="c">1910-1913.</subfield></datafield><datafield ind1=" " ind2=" " tag="300"><subfield code="a">3 v.</subfield></datafield><datafield ind1=" " ind2=" " tag="310"><subfield code="a">Semiweekly</subfield></datafield><datafield ind1="0" ind2=" " tag="362"><subfield code="a">Vol. 1, no. 1 (Dec. 9, 1910)-v. 3, no. 66 (July 25, 1913).</subfield></datafield><datafield ind1=" " ind2=" " tag="530"><subfield code="a">Available on microfilm from the Minnesota Historical Society.</subfield></datafield><datafield ind1=" " ind2="0" tag="651"><subfield code="a">Wadena (Minn.)</subfield><subfield code="v">Newspapers.</subfield></datafield><datafield ind1=" " ind2="7" tag="655"><subfield code="a">Newspapers.</subfield><subfield code="2">fast</subfield><subfield code="0">(OCoLC)fst01423814</subfield></datafield><datafield ind1=" " ind2="7" tag="651"><subfield code="a">Minnesota</subfield><subfield code="z">Wadena.</subfield><subfield code="2">fast</subfield><subfield code="0">(OCoLC)fst01220208</subfield></datafield><datafield ind1=" " ind2=" " tag="752"><subfield code="a">United States</subfield><subfield code="b">Minnesota</subfield><subfield code="c">Wadena</subfield><subfield code="d">Wadena.</subfield></datafield><datafield ind1="0" ind2="4" tag="785"><subfield code="t">Wadena pioneer journal</subfield><subfield code="w">(DLC)sn 83016848</subfield></datafield></record>